<record xmlns='http://www.loc.gov/MARC21/slim'><leader>01244cim a22002532u 4500</leader><controlfield tag='001'>3602643</controlfield><controlfield tag='005'>20151214183151.0</controlfield><controlfield tag='007'>ss|lmnjluz|nuu</controlfield><controlfield tag='008'>991101s1992    nyunnn         l    eng d</controlfield><datafield ind1=' ' ind2=' ' tag='035'><subfield code='a'>(NIC)notisASF9708</subfield></datafield><datafield ind1=' ' ind2=' ' tag='035'><subfield code='a'>3602643</subfield></datafield><datafield ind1=' ' ind2=' ' tag='035'><subfield code='a'>(OCoLC)63899704</subfield></datafield><datafield ind1=' ' ind2=' ' tag='040'><subfield code='a'>NIC</subfield><subfield code='c'>NIC</subfield><subfield code='d'>NIC</subfield></datafield><datafield ind1='1' ind2=' ' tag='100'><subfield code='a'>Derrida, Jacques.</subfield></datafield><datafield ind1='1' ind2='0' tag='245'><subfield code='a'>Is my death possible? (part I)</subfield><subfield code='h'>[sound recording]</subfield></datafield><datafield ind1=' ' ind2=' ' tag='260'><subfield code='c'>1992.</subfield></datafield><datafield ind1=' ' ind2=' ' tag='300'><subfield code='a'>2 sound cassettes (107 min.) :</subfield><subfield code='b'>analog, mono.</subfield></datafield><datafield ind1=' ' ind2=' ' tag='500'><subfield code='a'>Recorded in Ithaca, NY by Cornell University.</subfield></datafield><datafield ind1=' ' ind2=' ' tag='500'><subfield code='a'>Sponsored by: Society for the Humanities.</subfield></datafield><datafield ind1=' ' ind2=' ' tag='500'><subfield code='a'>Speaker(s): Professor of the History of Philosophy, Ecole des Hautes Etudes en Science Sociales, Paris; former A.D. White Professor-at-Large.</subfield></datafield><datafield ind1=' ' ind2=' ' tag='518'><subfield code='a'>Lecture, October 6, 1992.</subfield></datafield><datafield ind1=' ' ind2=' ' tag='520'><subfield code='a'>Derrida attempts to more closely define death and some of the semantics that surround it.  Quoting extensively from Heiddeger, he discusses the limitations on knowledge of death and death&apos;s transferable, ever-pervasive property. NOTE: Speaker pauses in the first few moments of the lecture while a P.A. problem is corrected. 2-3 minutes of associated hum on the tape is quickly corrected.</subfield></datafield><datafield ind1='1' ind2=' ' tag='899'><subfield code='a'>CULectures</subfield></datafield><datafield ind1=' ' ind2=' ' tag='905'><subfield code='a'>19991201120000.0</subfield></datafield></record>